<?xml version="1.0" encoding="UTF-8"?><Document xmlns:xsi="http://www.w3.org/2001/XMLSchema-instance" xmlns="urn:iso:std:iso:20022:tech:xsd:camt.053.001.02"><BkToCstmrStmt><GrpHdr><MsgId>0462190935.2025-05-19</MsgId><CreDtTm>2026-05-05T14:59:40.96+02:00</CreDtTm><MsgPgntn><PgNb>1</PgNb><LastPgInd>true</LastPgInd></MsgPgntn></GrpHdr><Stmt><Id>0462190935.2025-05-19</Id><ElctrncSeqNb>000000000000000084</ElctrncSeqNb><CreDtTm>2026-05-05T14:59:40.96+02:00</CreDtTm><Acct><Id><IBAN>NL85ABNA0462190935</IBAN></Id><Ccy>EUR</Ccy><Svcr><FinInstnId><BIC>ABNANL2A</BIC></FinInstnId></Svcr></Acct><Bal><Tp><CdOrPrtry><Cd>PRCD</Cd></CdOrPrtry></Tp><Amt Ccy="EUR">000000000000869.93</Amt><CdtDbtInd>CRDT</CdtDbtInd><Dt><Dt>2025-05-16</Dt></Dt></Bal><Bal><Tp><CdOrPrtry><Cd>CLBD</Cd></CdOrPrtry></Tp><Amt Ccy="EUR">000000000000822.47</Amt><CdtDbtInd>CRDT</CdtDbtInd><Dt><Dt>2025-05-19</Dt></Dt></Bal><Ntry><Amt Ccy="EUR">000000000001401.82</Amt><CdtDbtInd>DBIT</CdtDbtInd><Sts>BOOK</Sts><BookgDt><Dt>2025-05-19</Dt></BookgDt><ValDt><Dt>2025-05-19</Dt></ValDt><AcctSvcrRef>0519154656453590</AcctSvcrRef><BkTxCd><Domn><Cd>PMNT</Cd><Fmly><Cd>CCRD</Cd><SubFmlyCd>POSD</SubFmlyCd></Fmly></Domn><Prtry><Cd>N426</Cd><Issr>ABNAMRO</Issr></Prtry></BkTxCd><AddtlNtryInf>BEA, Betaalpas                  VILLEX,PAS254                   NR:90329161, 19.05.25/15:46     BARENDRECHT</AddtlNtryInf></Ntry><Ntry><Amt Ccy="EUR">000000000001400.00</Amt><CdtDbtInd>CRDT</CdtDbtInd><Sts>BOOK</Sts><BookgDt><Dt>2025-05-19</Dt></BookgDt><ValDt><Dt>2025-05-19</Dt></ValDt><AcctSvcrRef>5139O3729981222S0WP</AcctSvcrRef><BkTxCd><Domn><Cd>PMNT</Cd><Fmly><Cd>RCDT</Cd><SubFmlyCd>ESCT</SubFmlyCd></Fmly></Domn><Prtry><Cd>N658</Cd><Issr>ABNAMRO</Issr></Prtry></BkTxCd><NtryDtls><TxDtls><Refs><AcctSvcrRef>5139O3729981222S0WP</AcctSvcrRef><EndToEndId>NOTPROVIDED</EndToEndId></Refs><AmtDtls><TxAmt><Amt Ccy="EUR">000000000001400.00</Amt></TxAmt></AmtDtls><RltdPties><Dbtr><Nm>DYLAN VAN DER KUIJL</Nm></Dbtr><DbtrAcct><Id><IBAN>NL31ABNA0860522989</IBAN></Id></DbtrAcct></RltdPties><RltdAgts><DbtrAgt><FinInstnId><BIC>ABNANL2A</BIC></FinInstnId></DbtrAgt><CdtrAgt><FinInstnId><BIC>ABNANL2A</BIC></FinInstnId></CdtrAgt></RltdAgts></TxDtls></NtryDtls><AddtlNtryInf>/TRTP/SEPA OVERBOEKING/IBAN/NL31ABNA0860522989/BIC/ABNANL2A/NAME/DYLAN VAN DER KUIJL/EREF/NOTPROVIDED</AddtlNtryInf></Ntry><Ntry><Amt Ccy="EUR">000000000000000.85</Amt><CdtDbtInd>DBIT</CdtDbtInd><Sts>BOOK</Sts><BookgDt><Dt>2025-05-19</Dt></BookgDt><ValDt><Dt>2025-05-19</Dt></ValDt><AcctSvcrRef>0519135127543297</AcctSvcrRef><BkTxCd><Domn><Cd>PMNT</Cd><Fmly><Cd>CCRD</Cd><SubFmlyCd>POSD</SubFmlyCd></Fmly></Domn><Prtry><Cd>N426</Cd><Issr>ABNAMRO</Issr></Prtry></BkTxCd><AddtlNtryInf>BEA, Apple Pay                  Lidl 347 Gorinchem,PAS254       NR:VVH5TG, 19.05.25/13:51       GORINCHEM</AddtlNtryInf></Ntry><Ntry><Amt Ccy="EUR">000000000000001.16</Amt><CdtDbtInd>DBIT</CdtDbtInd><Sts>BOOK</Sts><BookgDt><Dt>2025-05-19</Dt></BookgDt><ValDt><Dt>2025-05-19</Dt></ValDt><BkTxCd><Domn><Cd>PMNT</Cd><Fmly><Cd>MDOP</Cd><SubFmlyCd>COMM</SubFmlyCd></Fmly></Domn><Prtry><Cd>N526</Cd><Issr>ABNAMRO</Issr></Prtry></BkTxCd><AddtlNtryInf>ABN AMRO Bank N.V.              CreditCard                  1,16</AddtlNtryInf></Ntry><Ntry><Amt Ccy="EUR">000000000000001.07</Amt><CdtDbtInd>DBIT</CdtDbtInd><Sts>BOOK</Sts><BookgDt><Dt>2025-05-19</Dt></BookgDt><ValDt><Dt>2025-05-19</Dt></ValDt><AcctSvcrRef>0519120057260579</AcctSvcrRef><BkTxCd><Domn><Cd>PMNT</Cd><Fmly><Cd>CCRD</Cd><SubFmlyCd>POSD</SubFmlyCd></Fmly></Domn><Prtry><Cd>N426</Cd><Issr>ABNAMRO</Issr></Prtry></BkTxCd><AddtlNtryInf>BEA, Apple Pay                  Lidl 347 Gorinchem,PAS254       NR:VVH5TG, 19.05.25/12:00       GORINCHEM</AddtlNtryInf></Ntry><Ntry><Amt Ccy="EUR">000000000000003.10</Amt><CdtDbtInd>DBIT</CdtDbtInd><Sts>BOOK</Sts><BookgDt><Dt>2025-05-19</Dt></BookgDt><ValDt><Dt>2025-05-19</Dt></ValDt><AcctSvcrRef>0519101858615673</AcctSvcrRef><BkTxCd><Domn><Cd>PMNT</Cd><Fmly><Cd>CCRD</Cd><SubFmlyCd>POSD</SubFmlyCd></Fmly></Domn><Prtry><Cd>N426</Cd><Issr>ABNAMRO</Issr></Prtry></BkTxCd><AddtlNtryInf>BEA, Apple Pay                  Lidl 347 Gorinchem,PAS254       NR:05LR60, 19.05.25/10:18       GORINCHEM</AddtlNtryInf></Ntry><Ntry><Amt Ccy="EUR">000000000000026.18</Amt><CdtDbtInd>DBIT</CdtDbtInd><Sts>BOOK</Sts><BookgDt><Dt>2025-05-19</Dt></BookgDt><ValDt><Dt>2025-05-18</Dt></ValDt><AcctSvcrRef>0518135714836925</AcctSvcrRef><BkTxCd><Domn><Cd>PMNT</Cd><Fmly><Cd>CCRD</Cd><SubFmlyCd>POSD</SubFmlyCd></Fmly></Domn><Prtry><Cd>N426</Cd><Issr>ABNAMRO</Issr></Prtry></BkTxCd><AddtlNtryInf>BEA, Apple Pay                  Lidl 347 Gorinchem,PAS254       NR:770C65, 18.05.25/13:57       GORINCHEM</AddtlNtryInf></Ntry><Ntry><Amt Ccy="EUR">000000000000007.65</Amt><CdtDbtInd>DBIT</CdtDbtInd><Sts>BOOK</Sts><BookgDt><Dt>2025-05-19</Dt></BookgDt><ValDt><Dt>2025-05-17</Dt></ValDt><AcctSvcrRef>0517152544314835</AcctSvcrRef><BkTxCd><Domn><Cd>PMNT</Cd><Fmly><Cd>CCRD</Cd><SubFmlyCd>POSD</SubFmlyCd></Fmly></Domn><Prtry><Cd>N426</Cd><Issr>ABNAMRO</Issr></Prtry></BkTxCd><AddtlNtryInf>BEA, Apple Pay                  Lidl 347 Gorinchem,PAS254       NR:3R6S05, 17.05.25/15:25       GORINCHEM</AddtlNtryInf></Ntry><Ntry><Amt Ccy="EUR">000000000000002.53</Amt><CdtDbtInd>DBIT</CdtDbtInd><Sts>BOOK</Sts><BookgDt><Dt>2025-05-19</Dt></BookgDt><ValDt><Dt>2025-05-17</Dt></ValDt><AcctSvcrRef>0517121004701551</AcctSvcrRef><BkTxCd><Domn><Cd>PMNT</Cd><Fmly><Cd>CCRD</Cd><SubFmlyCd>POSD</SubFmlyCd></Fmly></Domn><Prtry><Cd>N426</Cd><Issr>ABNAMRO</Issr></Prtry></BkTxCd><AddtlNtryInf>BEA, Apple Pay                  Lidl 347 Gorinchem,PAS254       NR:VVH5TG, 17.05.25/12:10       GORINCHEM</AddtlNtryInf></Ntry><Ntry><Amt Ccy="EUR">000000000000003.10</Amt><CdtDbtInd>DBIT</CdtDbtInd><Sts>BOOK</Sts><BookgDt><Dt>2025-05-19</Dt></BookgDt><ValDt><Dt>2025-05-17</Dt></ValDt><AcctSvcrRef>0517101154048271</AcctSvcrRef><BkTxCd><Domn><Cd>PMNT</Cd><Fmly><Cd>CCRD</Cd><SubFmlyCd>POSD</SubFmlyCd></Fmly></Domn><Prtry><Cd>N426</Cd><Issr>ABNAMRO</Issr></Prtry></BkTxCd><AddtlNtryInf>BEA, Apple Pay                  Lidl 347 Gorinchem,PAS254       NR:VVH5TG, 17.05.25/10:11       GORINCHEM</AddtlNtryInf></Ntry></Stmt></BkToCstmrStmt></Document>                                                                                                                                                                                                                                                                                                                                                                                                                                                                                                                                                                                                                                                                                                                                                                                                                                                                                                                                                                                                                                                                                                                                                                                                                                                                                                                                                                                                                                                                                                                                                                                                                                                                                                                                                                                                                                                                                                                                                                                                                                                                                                                                                                                                                                                                                                                                                                                                                                                                                                                                                                                                                                                                                                                                                                                                                                                                                                                                                                                                                                                                                                                                                                                                                                                                                                                                                                                                                                                                                                                                                                                                                                                                                                                                                                                                                                                                                                                                                                                                                                                                                                                                                                                                                                                                                                                                                                                                                                                                                                                                                                                                                                                                                                                                                                                                                                                                                                                                                                                                                                                                                                                                                                                                                                                                                                                                                                                                                                                                                                                                                                                                                                                                                                                                                                                                                                                                                                                                                                                                                                                                                                                                                                                                                                                                                                                                                                                                                                                                                                                                                                                                                                                                                                                                                                                                                                                                                                                                                                                                                                                                                                                                                                                                                                                                                                                                                                                                                                                                                                                                                                                                                                                                                                                                                                                                                                                                                                                                                                                                                                                                                                                                                                                                                                                                                                                                                                                                                                                                                                                                                                                                                                                                                                                                                                                                                                                                                                                                                                                                                                                                                                                                                                                                                                                                                                                                                                                                                                                                                                                                                                                                                                                                                                                                                                                                                                                                                                                                                                                                                                                                                                                                                                                                                                                                                                                                                                                                                                                                                                                                                                                                                                                                                                                                                                                                                                                                                                                                                                                                                                                                                                                                                                                                                                                                                                                                                                                                                                                                                                                                                                                                                                                                                                                                                                                                                                                                                                                                                                                                                                                                                                                                                                                                                                                                                                                                                                                                                                                                                                                                                                                                                                                                                                                                                                                                                                                                                                                                                                                                                                                                                                                                                                                                                                                                                                                                                                                                                                                                                                                                                                                                                                                                                                                                                                                                                                                                                                                                                                                                                                                                                                                                                                                                                                                                                                                                                                                                                                                                                                                                                                                                                                                                                                                                                                                                                                                                                                                                                                                                                                                                                                                                                                                                                                                                                                                                                                                                                                                                                                                                                                                                                                                                                                                                                                                                                                                                                                                                                                                                                                                                                                                                                                                                                                                                                                                                                                                                                                                                                                                                                                                                                                                                                                                                                                                                                                                                                                                                                                                                                                                                                                                                                                                                                                                                                                                                                                                                                                                                                                                                                                                                                                                                                                                                                                                                                                                                                                                                                                                                                                                                                                                                                                                                                                                                                                                                                                                                                                                                                                                                                                                                                                                                                                                                                                                                                                                                                                                                                                                                                                                                                                                                                                                                                                                                                                                                                                                                                                                                                                                                                                                                                                                                                                                                                                                                                                                                                                                                                                                                                                                                                                                                                                                                                                                                                                                                                                                                                                                                                                                                                                                                                                                                                                                                                                                                                                                                                                                                                                                                                                                                                                                                                                                                                                                                                                                                                                                                                                                                                                                                                                                                                                                                                                                                                                                                                                                                                                                                                                                                                                                                                                                                                                                                                                                                                                                                                                                                                                                                                                                                                                                                                                                                                                                                                                                                                                                                                                                                                                                                                                                                                                                                                                                                                                                                                                                                                                                                                                                                                                                                                                                                                                                                                                                                                                                                                                                                                                                                                                                                                                                                                                                                                                                                                                                                                                                                                                                                                                                                                                                                                                                                                                                                                                                                                                                                                                                                                                                                                                                                                                                                                                                                                                                                                                                                                                                                                                                                                                                                                                                                                                                                                                                                                                                                                                                                                                                                                                                                                                                                                                                                                                                                                                                                                                                                                                                                                                                                                                                                                                                                                                                                                                                                                                                                                                                                                                                                                                                                                                                                                                                                                                                                                                                                                                                                                                                                                                                                         