<?xml version="1.0" encoding="UTF-8"?><Document xmlns:xsi="http://www.w3.org/2001/XMLSchema-instance" xmlns="urn:iso:std:iso:20022:tech:xsd:camt.053.001.02"><BkToCstmrStmt><GrpHdr><MsgId>0462190935.2025-12-15</MsgId><CreDtTm>2026-05-05T14:59:40.69+02:00</CreDtTm><MsgPgntn><PgNb>1</PgNb><LastPgInd>true</LastPgInd></MsgPgntn></GrpHdr><Stmt><Id>0462190935.2025-12-15</Id><ElctrncSeqNb>000000000000000084</ElctrncSeqNb><CreDtTm>2026-05-05T14:59:40.69+02:00</CreDtTm><Acct><Id><IBAN>NL85ABNA0462190935</IBAN></Id><Ccy>EUR</Ccy><Svcr><FinInstnId><BIC>ABNANL2A</BIC></FinInstnId></Svcr></Acct><Bal><Tp><CdOrPrtry><Cd>PRCD</Cd></CdOrPrtry></Tp><Amt Ccy="EUR">000000000002861.57</Amt><CdtDbtInd>CRDT</CdtDbtInd><Dt><Dt>2025-12-12</Dt></Dt></Bal><Bal><Tp><CdOrPrtry><Cd>CLBD</Cd></CdOrPrtry></Tp><Amt Ccy="EUR">000000000002524.43</Amt><CdtDbtInd>CRDT</CdtDbtInd><Dt><Dt>2025-12-15</Dt></Dt></Bal><Ntry><Amt Ccy="EUR">000000000000099.82</Amt><CdtDbtInd>DBIT</CdtDbtInd><Sts>BOOK</Sts><BookgDt><Dt>2025-12-15</Dt></BookgDt><ValDt><Dt>2025-12-15</Dt></ValDt><AcctSvcrRef>ECX00006C5BD21A0</AcctSvcrRef><BkTxCd><Domn><Cd>XTND</Cd><Fmly><Cd>NTAV</Cd><SubFmlyCd>NTAV</SubFmlyCd></Fmly></Domn><Prtry><Cd>N944</Cd><Issr>ABNAMRO</Issr></Prtry></BkTxCd><NtryDtls><TxDtls><Refs><AcctSvcrRef>ECX00006C5BD21A0</AcctSvcrRef><EndToEndId>15-12-2025 19:23 8152484793365474</EndToEndId></Refs><AmtDtls><TxAmt><Amt Ccy="EUR">000000000000099.82</Amt></TxAmt></AmtDtls><RltdPties><Cdtr><Nm>Tebex Ltd via Stichting</Nm><PstlAdr><Ctry>GB</Ctry></PstlAdr></Cdtr><CdtrAcct><Id><IBAN>NL51DEUT0265262461</IBAN></Id></CdtrAcct></RltdPties><RltdAgts><DbtrAgt><FinInstnId><BIC>ABNANL2A</BIC></FinInstnId></DbtrAgt><CdtrAgt><FinInstnId><BIC>DEUTNL2A</BIC></FinInstnId></CdtrAgt></RltdAgts><RmtInf><Ustrd>26983650c0c1f640b298600d0c61d754 8152484793365474 Tebex Checkout Payment for Hypixel Tebex Ltd</Ustrd></RmtInf></TxDtls></NtryDtls><AddtlNtryInf>/TRTP/iDEAL/IBAN/NL51DEUT0265262461/BIC/DEUTNL2A/NAME/Tebex Ltd via Stichting Mollie Payments/REMI/26983650c0c1f640b298600d0c61d754 8152484793365474 Tebex Checkout Payment for Hypixel Tebex Ltd  /EREF/15-12-2025 19:23 8152484793365474</AddtlNtryInf></Ntry><Ntry><Amt Ccy="EUR">000000000000008.85</Amt><CdtDbtInd>DBIT</CdtDbtInd><Sts>BOOK</Sts><BookgDt><Dt>2025-12-15</Dt></BookgDt><ValDt><Dt>2025-12-15</Dt></ValDt><AcctSvcrRef>1215170658328503</AcctSvcrRef><BkTxCd><Domn><Cd>PMNT</Cd><Fmly><Cd>CCRD</Cd><SubFmlyCd>POSD</SubFmlyCd></Fmly></Domn><Prtry><Cd>N426</Cd><Issr>ABNAMRO</Issr></Prtry></BkTxCd><AddtlNtryInf>BEA, Apple Pay                  Lidl 722 Schoonhoven,PAS254     NR:87108838, 15.12.25/17:06     SCHOONHOVEN</AddtlNtryInf></Ntry><Ntry><Amt Ccy="EUR">000000000000000.85</Amt><CdtDbtInd>DBIT</CdtDbtInd><Sts>BOOK</Sts><BookgDt><Dt>2025-12-15</Dt></BookgDt><ValDt><Dt>2025-12-15</Dt></ValDt><AcctSvcrRef>1215154233307193</AcctSvcrRef><BkTxCd><Domn><Cd>PMNT</Cd><Fmly><Cd>CCRD</Cd><SubFmlyCd>POSD</SubFmlyCd></Fmly></Domn><Prtry><Cd>N426</Cd><Issr>ABNAMRO</Issr></Prtry></BkTxCd><AddtlNtryInf>BEA, Apple Pay                  Lidl 722 Schoonhoven,PAS254     NR:87108837, 15.12.25/15:42     SCHOONHOVEN</AddtlNtryInf></Ntry><Ntry><Amt Ccy="EUR">000000000000000.85</Amt><CdtDbtInd>DBIT</CdtDbtInd><Sts>BOOK</Sts><BookgDt><Dt>2025-12-15</Dt></BookgDt><ValDt><Dt>2025-12-15</Dt></ValDt><AcctSvcrRef>1215135614893375</AcctSvcrRef><BkTxCd><Domn><Cd>PMNT</Cd><Fmly><Cd>CCRD</Cd><SubFmlyCd>POSD</SubFmlyCd></Fmly></Domn><Prtry><Cd>N426</Cd><Issr>ABNAMRO</Issr></Prtry></BkTxCd><AddtlNtryInf>BEA, Apple Pay                  Lidl 722 Schoonhoven,PAS254     NR:87108837, 15.12.25/13:56     SCHOONHOVEN</AddtlNtryInf></Ntry><Ntry><Amt Ccy="EUR">000000000000004.02</Amt><CdtDbtInd>DBIT</CdtDbtInd><Sts>BOOK</Sts><BookgDt><Dt>2025-12-15</Dt></BookgDt><ValDt><Dt>2025-12-15</Dt></ValDt><AcctSvcrRef>1215104804086287</AcctSvcrRef><BkTxCd><Domn><Cd>PMNT</Cd><Fmly><Cd>CCRD</Cd><SubFmlyCd>POSD</SubFmlyCd></Fmly></Domn><Prtry><Cd>N426</Cd><Issr>ABNAMRO</Issr></Prtry></BkTxCd><AddtlNtryInf>BEA, Apple Pay                  Lidl 722 Schoonhoven,PAS254     NR:87108837, 15.12.25/10:48     SCHOONHOVEN</AddtlNtryInf></Ntry><Ntry><Amt Ccy="EUR">000000000000004.21</Amt><CdtDbtInd>DBIT</CdtDbtInd><Sts>BOOK</Sts><BookgDt><Dt>2025-12-15</Dt></BookgDt><ValDt><Dt>2025-12-14</Dt></ValDt><AcctSvcrRef>1214152904937071</AcctSvcrRef><BkTxCd><Domn><Cd>PMNT</Cd><Fmly><Cd>CCRD</Cd><SubFmlyCd>POSD</SubFmlyCd></Fmly></Domn><Prtry><Cd>N426</Cd><Issr>ABNAMRO</Issr></Prtry></BkTxCd><AddtlNtryInf>BEA, Apple Pay                  Lidl 722 Schoonhoven,PAS254     NR:87108837, 14.12.25/15:29     SCHOONHOVEN</AddtlNtryInf></Ntry><Ntry><Amt Ccy="EUR">000000000000000.94</Amt><CdtDbtInd>DBIT</CdtDbtInd><Sts>BOOK</Sts><BookgDt><Dt>2025-12-15</Dt></BookgDt><ValDt><Dt>2025-12-14</Dt></ValDt><AcctSvcrRef>1214141445616077</AcctSvcrRef><BkTxCd><Domn><Cd>PMNT</Cd><Fmly><Cd>CCRD</Cd><SubFmlyCd>POSD</SubFmlyCd></Fmly></Domn><Prtry><Cd>N426</Cd><Issr>ABNAMRO</Issr></Prtry></BkTxCd><AddtlNtryInf>BEA, Apple Pay                  Lidl 722 Schoonhoven,PAS254     NR:87108837, 14.12.25/14:14     SCHOONHOVEN</AddtlNtryInf></Ntry><Ntry><Amt Ccy="EUR">000000000000073.60</Amt><CdtDbtInd>DBIT</CdtDbtInd><Sts>BOOK</Sts><BookgDt><Dt>2025-12-15</Dt></BookgDt><ValDt><Dt>2025-12-13</Dt></ValDt><AcctSvcrRef>ECX00006C3BCB360</AcctSvcrRef><BkTxCd><Domn><Cd>XTND</Cd><Fmly><Cd>NTAV</Cd><SubFmlyCd>NTAV</SubFmlyCd></Fmly></Domn><Prtry><Cd>N944</Cd><Issr>ABNAMRO</Issr></Prtry></BkTxCd><NtryDtls><TxDtls><Refs><MsgId>ISCT251215002062001</MsgId><AcctSvcrRef>ECX00006C3BCB360</AcctSvcrRef><EndToEndId>13-12-2025 21:33 8152246590341891</EndToEndId></Refs><AmtDtls><TxAmt><Amt Ccy="EUR">000000000000073.60</Amt></TxAmt></AmtDtls><RltdPties><Cdtr><Nm>Tebex Ltd via Stichting</Nm><PstlAdr><Ctry>GB</Ctry></PstlAdr></Cdtr><CdtrAcct><Id><IBAN>NL51DEUT0265262461</IBAN></Id></CdtrAcct></RltdPties><RltdAgts><DbtrAgt><FinInstnId><BIC>ABNANL2A</BIC></FinInstnId></DbtrAgt><CdtrAgt><FinInstnId><BIC>DEUTNL2A</BIC></FinInstnId></CdtrAgt></RltdAgts><RmtInf><Ustrd>743d161868accfb79f5a7704da69039e 8152246590341891 Tebex Checkout Payment for Hypixel Tebex Ltd</Ustrd></RmtInf></TxDtls></NtryDtls><AddtlNtryInf>/TRTP/iDEAL/IBAN/NL51DEUT0265262461/BIC/DEUTNL2A/NAME/Tebex Ltd via Stichting Mollie Payments/REMI/743d161868accfb79f5a7704da69039e 8152246590341891 Tebex Checkout Payment for Hypixel Tebex Ltd  /EREF/13-12-2025 21:33 8152246590341891</AddtlNtryInf></Ntry><Ntry><Amt Ccy="EUR">000000000000003.52</Amt><CdtDbtInd>DBIT</CdtDbtInd><Sts>BOOK</Sts><BookgDt><Dt>2025-12-15</Dt></BookgDt><ValDt><Dt>2025-12-13</Dt></ValDt><AcctSvcrRef>1213175234173407</AcctSvcrRef><BkTxCd><Domn><Cd>PMNT</Cd><Fmly><Cd>CCRD</Cd><SubFmlyCd>POSD</SubFmlyCd></Fmly></Domn><Prtry><Cd>N426</Cd><Issr>ABNAMRO</Issr></Prtry></BkTxCd><AddtlNtryInf>BEA, Apple Pay                  Lidl 722 Schoonhoven,PAS254     NR:87108843, 13.12.25/17:52     SCHOONHOVEN</AddtlNtryInf></Ntry><Ntry><Amt Ccy="EUR">000000000000024.48</Amt><CdtDbtInd>DBIT</CdtDbtInd><Sts>BOOK</Sts><BookgDt><Dt>2025-12-15</Dt></BookgDt><ValDt><Dt>2025-12-13</Dt></ValDt><AcctSvcrRef>ECX00006C3926710</AcctSvcrRef><BkTxCd><Domn><Cd>XTND</Cd><Fmly><Cd>NTAV</Cd><SubFmlyCd>NTAV</SubFmlyCd></Fmly></Domn><Prtry><Cd>N944</Cd><Issr>ABNAMRO</Issr></Prtry></BkTxCd><NtryDtls><TxDtls><Refs><MsgId>ISCT251215007062001</MsgId><AcctSvcrRef>ECX00006C3926710</AcctSvcrRef><EndToEndId>13-12-2025 17:40 7180555084221876</EndToEndId></Refs><AmtDtls><TxAmt><Amt Ccy="EUR">000000000000024.48</Amt></TxAmt></AmtDtls><RltdPties><Cdtr><Nm>DP Schoonhoven</Nm><PstlAdr><Ctry>NL</Ctry></PstlAdr></Cdtr><CdtrAcct><Id><IBAN>NL04ADYB2017400157</IBAN></Id></CdtrAcct></RltdPties><RltdAgts><DbtrAgt><FinInstnId><BIC>ABNANL2A</BIC></FinInstnId></DbtrAgt><CdtrAgt><FinInstnId><BIC>ADYBNL2A</BIC></FinInstnId></CdtrAgt></RltdAgts><RmtInf><Ustrd>JMT76TCLXMN8JMG31300Z 7180555084221876 e2b964c2-d841-11f0-829f-29fa2d69ff6</Ustrd></RmtInf></TxDtls></NtryDtls><AddtlNtryInf>/TRTP/iDEAL/IBAN/NL04ADYB2017400157/BIC/ADYBNL2A/NAME/DP Schoonhoven/REMI/JMT76TCLXMN8JMG31300Z 7180555084221876 e2b964c2-d841-11f0-829f-29fa2d69ff6/EREF/13-12-2025 17:40 7180555084221876</AddtlNtryInf></Ntry><Ntry><Amt Ccy="EUR">000000000000090.00</Amt><CdtDbtInd>DBIT</CdtDbtInd><Sts>BOOK</Sts><BookgDt><Dt>2025-12-15</Dt></BookgDt><ValDt><Dt>2025-12-13</Dt></ValDt><AcctSvcrRef>ECX00006C3836100</AcctSvcrRef><BkTxCd><Domn><Cd>XTND</Cd><Fmly><Cd>NTAV</Cd><SubFmlyCd>NTAV</SubFmlyCd></Fmly></Domn><Prtry><Cd>N944</Cd><Issr>ABNAMRO</Issr></Prtry></BkTxCd><NtryDtls><TxDtls><Refs><MsgId>IC349063003</MsgId><AcctSvcrRef>ECX00006C3836100</AcctSvcrRef><EndToEndId>13-12-2025 16:47 7051256902463496</EndToEndId></Refs><AmtDtls><TxAmt><Amt Ccy="EUR">000000000000090.00</Amt></TxAmt></AmtDtls><RltdPties><Cdtr><Nm>ENGIE Nederland Retail B</Nm><PstlAdr><Ctry>NL</Ctry></PstlAdr></Cdtr><CdtrAcct><Id><IBAN>NL54INGB0661901246</IBAN></Id></CdtrAcct></RltdPties><RltdAgts><DbtrAgt><FinInstnId><BIC>ABNANL2A</BIC></FinInstnId></DbtrAgt><CdtrAgt><FinInstnId><BIC>INGBNL2A</BIC></FinInstnId></CdtrAgt></RltdAgts><RmtInf><Ustrd>K02633292ANM05390907 7051256902463496 Energielevering</Ustrd></RmtInf></TxDtls></NtryDtls><AddtlNtryInf>/TRTP/iDEAL/IBAN/NL54INGB0661901246/BIC/INGBNL2A/NAME/ENGIE Nederland Retail B.V./REMI/K02633292ANM05390907 7051256902463496 Energielevering/EREF/13-12-2025 16:47 7051256902463496</AddtlNtryInf></Ntry><Ntry><Amt Ccy="EUR">000000000000026.00</Amt><CdtDbtInd>DBIT</CdtDbtInd><Sts>BOOK</Sts><BookgDt><Dt>2025-12-15</Dt></BookgDt><ValDt><Dt>2025-12-13</Dt></ValDt><AcctSvcrRef>ECX00006C36AFEF0</AcctSvcrRef><BkTxCd><Domn><Cd>XTND</Cd><Fmly><Cd>NTAV</Cd><SubFmlyCd>NTAV</SubFmlyCd></Fmly></Domn><Prtry><Cd>N944</Cd><Issr>ABNAMRO</Issr></Prtry></BkTxCd><NtryDtls><TxDtls><Refs><MsgId>IC349063003</MsgId><AcctSvcrRef>ECX00006C36AFEF0</AcctSvcrRef><EndToEndId>13-12-2025 15:17 7051095096373385</EndToEndId></Refs><AmtDtls><TxAmt><Amt Ccy="EUR">000000000000026.00</Amt></TxAmt></AmtDtls><RltdPties><Cdtr><Nm>bol.com</Nm><PstlAdr><Ctry>NL</Ctry></PstlAdr></Cdtr><CdtrAcct><Id><IBAN>NL27INGB0000026500</IBAN></Id></CdtrAcct></RltdPties><RltdAgts><DbtrAgt><FinInstnId><BIC>ABNANL2A</BIC></FinInstnId></DbtrAgt><CdtrAgt><FinInstnId><BIC>INGBNL2A</BIC></FinInstnId></CdtrAgt></RltdAgts><RmtInf><Ustrd>P1627467834 7051095096373385 bol.com A000CTWT75</Ustrd></RmtInf></TxDtls></NtryDtls><AddtlNtryInf>/TRTP/iDEAL/IBAN/NL27INGB0000026500/BIC/INGBNL2A/NAME/bol.com    /REMI/P1627467834 7051095096373385 bol.com A000CTWT75/EREF/13-12-2025 15:17 7051095096373385</AddtlNtryInf></Ntry></Stmt></BkToCstmrStmt></Document>                                                                                                                                                                                                                                                                                                                                                                                                                                                                                                                                                                                                                                                                                                                                                                                                                                                                                                                                                                                                                                                                                                                                                                                                                                                                                                                                                                                                                                                                                                                                                                                                                                                                                                                                                                                                                                                                                                                                                                                                                                                                                                                                                                                                                                                                                                                                                                                                                                                                                                                                                                                                                                                                                                                                                                                                                                                                                                                                                                                                                                                                                                                                                                                                                                                                                                                                                                                                                                                                                                                                                                                                                                                                                                                                                                                                                                                                                                                                                                                                                                                                                                                                                                                                                                                                                                                                                                                                                                                                                                                                                                                                                                                                                                                                                                                                                                                                                                                                                                                                                                                                                                                                                                                                                                                                                                                                                                                                                                                                                                                                                                                                                                                                                                                                                                                                                                                                                                                                                                                                                                                                                                                                                                                                                                                                                                                                                                                                                                                                                                                                                                                                                                                                                                                                                                                                                                                                                                                                                                                                                                                                                                                                                                                                                                                                                                                                                                                                                                                                                                                                                                                                                                                                                                                                                                                                                                                                                                                                                                                                                                                                                                                                                                                                                                                                                                                                                                                                                                                                                                                                                                                                                                                                                                                                                                                                                                                                                                                                                                                                                                                                                                                                                                                                                                                                                                                                                                                                                                                                                                                                                                                                                                                                                                                                                                                                                                                                                                                                                                                                                                                                                                                                                                                                                                                                                                                                                                                                                                                                                                                                                                                                                                                                                                                                                                                                                                                                                                                                                                                                                                                                                                                                                                                                                                                                                                                                                                                                                                                                                                                                                                                                                                                                                                                                                                                                                                                                                                                                                                                                                                                                                                                                                                                                                                                                                                                                                                                                                                                                                                                                                                                                                                                                                                                                                                                                                                                                                                                                                                                                                                                                                                                                                                                                                                                                                                                                                                                                                                                                                                                                                                                                                                                                                                                                                                                                                                                                                                                                                                                                                                                                                                                                                                                                                                                                                                                                                                                                                                                                                                                                                                                                                                                                                                                                                                                                                                                                                                                                                                                                                                                                                                                                                                                                                                                                                                                                                                                                                                                                                                                                                                                                                                                                                                                                                                                                                                                                                                                                                                                                                                                                                                                                                                                                                                                                                                                                                                                                                                                                                                                                                                                                                                                                                                                                                                                                                                                                                                                                                                                                                                                                                                                                                                                                                                                                                                                                                                                                                                                                                                                                                                                                                                                                                                                                                                                                                                                                                                                                                                                                                                                                                                                                                                                                                                                                                                                                                                                                                                                                                                                                                                                                                                                                                                                                                                                                                                                                                                                                                                                                                                                                                                                                                                                                                                                                                                                                                                                                                                                                                                                                                                                                                                                                                                                                                                                                                                                                                                                                                                                                                                                                                                                                                                                                                                                                                                                                                                                                                                                                                                                                                                                                                                                                                                                                                                                                                                                                                                                                                                                                                                                                                                                                                                                                                                                                                                                                                                                                                                                                                                                                                                                                                                                                                                                                                                                                                                                                                                                                                                                                                                                                                                                                                                                                                                                                                                                                                                                                                                                                                                                                                                                                                                                                                                                                                                                                                                                                         