<?xml version="1.0" encoding="UTF-8"?><Document xmlns:xsi="http://www.w3.org/2001/XMLSchema-instance" xmlns="urn:iso:std:iso:20022:tech:xsd:camt.053.001.02"><BkToCstmrStmt><GrpHdr><MsgId>0462190935.2024-11-27</MsgId><CreDtTm>2026-05-05T14:59:41.15+02:00</CreDtTm><MsgPgntn><PgNb>1</PgNb><LastPgInd>true</LastPgInd></MsgPgntn></GrpHdr><Stmt><Id>0462190935.2024-11-27</Id><ElctrncSeqNb>000000000000000084</ElctrncSeqNb><CreDtTm>2026-05-05T14:59:41.15+02:00</CreDtTm><Acct><Id><IBAN>NL85ABNA0462190935</IBAN></Id><Ccy>EUR</Ccy><Svcr><FinInstnId><BIC>ABNANL2A</BIC></FinInstnId></Svcr></Acct><Bal><Tp><CdOrPrtry><Cd>PRCD</Cd></CdOrPrtry></Tp><Amt Ccy="EUR">000000000002577.21</Amt><CdtDbtInd>CRDT</CdtDbtInd><Dt><Dt>2024-11-26</Dt></Dt></Bal><Bal><Tp><CdOrPrtry><Cd>CLBD</Cd></CdOrPrtry></Tp><Amt Ccy="EUR">000000000001726.85</Amt><CdtDbtInd>CRDT</CdtDbtInd><Dt><Dt>2024-11-27</Dt></Dt></Bal><Ntry><Amt Ccy="EUR">000000000000700.00</Amt><CdtDbtInd>DBIT</CdtDbtInd><Sts>BOOK</Sts><BookgDt><Dt>2024-11-27</Dt></BookgDt><ValDt><Dt>2024-11-27</Dt></ValDt><AcctSvcrRef>ECS00000D66FBE70</AcctSvcrRef><BkTxCd><Domn><Cd>XTND</Cd><Fmly><Cd>NTAV</Cd><SubFmlyCd>NTAV</SubFmlyCd></Fmly></Domn><Prtry><Cd>N944</Cd><Issr>ABNAMRO</Issr></Prtry></BkTxCd><NtryDtls><TxDtls><Refs><AcctSvcrRef>ECS00000D66FBE70</AcctSvcrRef><EndToEndId>27-11-2024 19:18 0031807303864468</EndToEndId></Refs><AmtDtls><TxAmt><Amt Ccy="EUR">000000000000700.00</Amt></TxAmt></AmtDtls><RltdPties><Cdtr><Nm>AAB INZ TIKKIE</Nm><PstlAdr><Ctry>NL</Ctry></PstlAdr></Cdtr><CdtrAcct><Id><IBAN>NL13ABNA0506417344</IBAN></Id></CdtrAcct></RltdPties><RltdAgts><DbtrAgt><FinInstnId><BIC>ABNANL2A</BIC></FinInstnId></DbtrAgt><CdtrAgt><FinInstnId><BIC>ABNANL2A</BIC></FinInstnId></CdtrAgt></RltdAgts><RmtInf><Ustrd>000933132440 0031807303864468 Bijdrage huishouden NL28ABNA0463037413</Ustrd></RmtInf></TxDtls></NtryDtls><AddtlNtryInf>/TRTP/iDEAL/IBAN/NL13ABNA0506417344/BIC/ABNANL2A/NAME/van der Kuijl via Tikkie/REMI/000933132440 0031807303864468 Bijdrage huishouden NL28ABNA0463037413/EREF/27-11-2024 19:18 0031807303864468</AddtlNtryInf></Ntry><Ntry><Amt Ccy="EUR">000000000000011.41</Amt><CdtDbtInd>DBIT</CdtDbtInd><Sts>BOOK</Sts><BookgDt><Dt>2024-11-27</Dt></BookgDt><ValDt><Dt>2024-11-27</Dt></ValDt><AcctSvcrRef>4331P4325322489S0AD</AcctSvcrRef><BkTxCd><Domn><Cd>PMNT</Cd><Fmly><Cd>RDDT</Cd><SubFmlyCd>ESDD</SubFmlyCd></Fmly></Domn><Prtry><Cd>N247</Cd><Issr>ABNAMRO</Issr></Prtry></BkTxCd><NtryDtls><TxDtls><Refs><MsgId>NCOR2411270900210000000000000000002</MsgId><AcctSvcrRef>4331P4325322489S0AD</AcctSvcrRef><EndToEndId>HN-RP-451115286.1-20241126102136</EndToEndId><MndtId>A0000960122</MndtId></Refs><AmtDtls><TxAmt><Amt Ccy="EUR">000000000000011.41</Amt></TxAmt></AmtDtls><RltdPties><Cdtr><Nm>hollandsnieuwe</Nm><PstlAdr><Ctry>NL</Ctry></PstlAdr></Cdtr><CdtrAcct><Id><IBAN>NL66INGB0007869024</IBAN></Id></CdtrAcct></RltdPties><RltdAgts><DbtrAgt><FinInstnId><BIC>ABNANL2A</BIC></FinInstnId></DbtrAgt><CdtrAgt><FinInstnId><BIC>INGBNL2A</BIC></FinInstnId></CdtrAgt></RltdAgts><RmtInf><Ustrd>Maandelijkse opwaardering HN-PN-1824391181</Ustrd></RmtInf></TxDtls></NtryDtls><AddtlNtryInf>/TRTP/SEPA Incasso algemeen doorlopend/CSID/NL85HOL140522640000  /NAME/hollandsnieuwe/MARF/A0000960122/REMI/Maandelijkse opwaardering HN-PN-1824391181/IBAN/NL66INGB0007869024/BIC/INGBNL2A/EREF/HN-RP-451115286.1-20241126102136</AddtlNtryInf></Ntry><Ntry><Amt Ccy="EUR">000000000000138.95</Amt><CdtDbtInd>DBIT</CdtDbtInd><Sts>BOOK</Sts><BookgDt><Dt>2024-11-27</Dt></BookgDt><ValDt><Dt>2024-11-27</Dt></ValDt><AcctSvcrRef>4331H3323462403S0AD</AcctSvcrRef><BkTxCd><Domn><Cd>PMNT</Cd><Fmly><Cd>RDDT</Cd><SubFmlyCd>ESDD</SubFmlyCd></Fmly></Domn><Prtry><Cd>N247</Cd><Issr>ABNAMRO</Issr></Prtry></BkTxCd><NtryDtls><TxDtls><Refs><MsgId>NCOR2411260903300000000000000000034</MsgId><AcctSvcrRef>4331H3323462403S0AD</AcctSvcrRef><EndToEndId>10359722090</EndToEndId><MndtId>4783174</MndtId></Refs><AmtDtls><TxAmt><Amt Ccy="EUR">000000000000138.95</Amt></TxAmt></AmtDtls><RltdPties><Cdtr><Nm>NV UNIVE ZORG</Nm><PstlAdr><Ctry>NL</Ctry></PstlAdr></Cdtr><CdtrAcct><Id><IBAN>NL20INGB0000686129</IBAN></Id></CdtrAcct></RltdPties><RltdAgts><DbtrAgt><FinInstnId><BIC>ABNANL2A</BIC></FinInstnId></DbtrAgt><CdtrAgt><FinInstnId><BIC>INGBNL2A</BIC></FinInstnId></CdtrAgt></RltdAgts><RmtInf><Ustrd>PREMIE dec. 2024.</Ustrd></RmtInf></TxDtls></NtryDtls><AddtlNtryInf>/TRTP/SEPA Incasso algemeen doorlopend/CSID/NL64ZZZ371124070000  /NAME/NV UNIVE ZORG/MARF/4783174/REMI/PREMIE dec. 2024./IBAN/NL20INGB0000686129/BIC/INGBNL2A/EREF/10359722090</AddtlNtryInf></Ntry></Stmt></BkToCstmrStmt></Document>                                                                                                                                                                                                                                                                                                                                                                                                                                                                                                                                                                                                                                                                                                                                                                                                                                                                                                                                                                                                                                                                                                                                                                                                                                                                                                                                                                                                                                                                                                                                                                                                                                                                                                                                                                                                                                                                                                                                                                                                                                                                                                                                                                                                                                                                                                                                                                                                                                                                                                                                                                                                                                                                                                                                                                                                                                                                                                                                                                                                                                                                                                                                                                                                                                                                                                                                                                                                                                                                                                                                                                                                                                                                                                                                                                                                                                                                                                                                                                                                                                                                                                                                                                                                                                                                                                                                                                                                                                                                                                                                                                                                                                                                                                                                                                                                                                                                                                                                                                                                                                                                                                                                                                                                                                                                                                                                                                                                                                                                                                                                                                                                                                                                                                                                                                                                                                                                                                                                                                                                                                                                                                                                                                                                                                                                                                                                                                                                                                                                                                                                                                                                                                                                                                                                                                                                                                                                                                                                                                                                                                                                                                                                                                                                                                                                                                                                                                                                                                                                                                                                                                                                                                                                                                                                                                                                                                                                                                                                                                                                                                                                                                                                                                                                                                                                                                                                                                                                                                                                                                                                                                                                                                                                                                                                                                                                                                                                                                                                                                                                                                                                                                                                                                                                                                                                                                                                                                                                                                                                                                                                                                                                                                                                                                                                                                                                                                                                                                                                                                                                                                                                                                                                                                                                                                                                                                                                                                                                                                                                                                                                                                                                                                                                                                                                                                                                                                                                                                                                                                                                                                                                                                                                                                                                                                                                                                                                                                                                                                                                                                                                                                                                                                                                                                                                                                                                                                                                                                                                                                                                                                                                                                                                                                                                                                                                                                                                                                                                                                                                                                                                                                                                                                                                                                                                                                                                                                                                                                                                                                                                                                                                                                                                                                                                                                                                                                                                                                                                                                                                                                                                                                                                                                                                                                                                                                                                                                                                                                                                                                                                                                                                                                                                                                                                                                                                                                                                                                                                                                                                                                                                                                                                                                                                                                                                                                                                                                                                                                                                                                                                                                                                                                                                                                                                                                                                                                                                                                                                                                                                                                                                                                                                                                                                                                                                                                                                                                                                                                                                                                                                                                                                                                                                                                                                                                                                                                                                                                                                                                                                                                                                                                                                                                                                                                                                                                                                                                                                                                                                                                                                                                                                                                                                                                                                                                                                                                                                                                                                                                                                                                                                                                                                                                                                                                                                                                                                                                                                                                                                                                                                                                                                                                                                                                                                                                                                                                                                                                                                                                                                                                                                                                                                                                                                                                                                                                                                                                                                                                                                                                                                                                                                                                                                                                                                                                                                                                                                                                                                                                                                                                                                                                                                                                                                                                                                                                                                                                                                                                                                                                                                                                                                                                                                                                                                                                                                                                                                                                                                                                                                                                                                                                                                                                                                                                                                                                                                                                                                                                                                                                                                                                                                                                                                                                                                                                                                                                                                                                                                                                                                                                                                                                                                                                                                                                                                                                                                                                                                                                                                                                                                                                                                                                                                                                                                                                                                                                                                                                                                                                                                                                                                                                                                                                                                                                                                                                                                                                                                                                                                                                                                                                                                                                                                                                                                                                                                                                                                                                                                                                                                                                                                                                                                                                                                                                                                                                                                                                                                                                                                                                                                                                                                                                                                                                                                                                                                                                                                                                                                                                                                                                                                                                                                                                                                                                                                                                                                                                                                                                                                                                                                                                                                                                                                                                                                                                                                                                                                                                                                                                                                                                                                                                                                                                                                                                                                                                                                                                                                                                                                                                                                                                                                                                                                                                                                                                                                                                                                                                                                                                                                                                                                                                                                                                                                                                                                                                                                                                                                                                                                                                                                                                                                                                                                                                                                                                                                                                                                                                                                                                                                                                                                                                                                                                                                                                                                                                                                                                                                                                                                                                                                                                                                                                                                                                                                                                                                                                                                                                                                                                                                                                                                                                                                                                                                                                                                                                                                                                                                                                                                                                                                                                                             