<?xml version="1.0" encoding="UTF-8"?><Document xmlns:xsi="http://www.w3.org/2001/XMLSchema-instance" xmlns="urn:iso:std:iso:20022:tech:xsd:camt.053.001.02"><BkToCstmrStmt><GrpHdr><MsgId>0462190935.2025-04-10</MsgId><CreDtTm>2026-05-05T14:59:41.00+02:00</CreDtTm><MsgPgntn><PgNb>1</PgNb><LastPgInd>true</LastPgInd></MsgPgntn></GrpHdr><Stmt><Id>0462190935.2025-04-10</Id><ElctrncSeqNb>000000000000000084</ElctrncSeqNb><CreDtTm>2026-05-05T14:59:41.00+02:00</CreDtTm><Acct><Id><IBAN>NL85ABNA0462190935</IBAN></Id><Ccy>EUR</Ccy><Svcr><FinInstnId><BIC>ABNANL2A</BIC></FinInstnId></Svcr></Acct><Bal><Tp><CdOrPrtry><Cd>PRCD</Cd></CdOrPrtry></Tp><Amt Ccy="EUR">000000000001579.64</Amt><CdtDbtInd>CRDT</CdtDbtInd><Dt><Dt>2025-04-09</Dt></Dt></Bal><Bal><Tp><CdOrPrtry><Cd>CLBD</Cd></CdOrPrtry></Tp><Amt Ccy="EUR">000000000001558.53</Amt><CdtDbtInd>CRDT</CdtDbtInd><Dt><Dt>2025-04-10</Dt></Dt></Bal><Ntry><Amt Ccy="EUR">000000000000014.96</Amt><CdtDbtInd>DBIT</CdtDbtInd><Sts>BOOK</Sts><BookgDt><Dt>2025-04-10</Dt></BookgDt><ValDt><Dt>2025-04-10</Dt></ValDt><AcctSvcrRef>0410143916959809</AcctSvcrRef><BkTxCd><Domn><Cd>PMNT</Cd><Fmly><Cd>CCRD</Cd><SubFmlyCd>POSD</SubFmlyCd></Fmly></Domn><Prtry><Cd>N426</Cd><Issr>ABNAMRO</Issr></Prtry></BkTxCd><AddtlNtryInf>BEA, Apple Pay                  Lidl 347 Gorinchem,PAS254       NR:3R6S05, 10.04.25/14:39       GORINCHEM</AddtlNtryInf></Ntry><Ntry><Amt Ccy="EUR">000000000000001.34</Amt><CdtDbtInd>DBIT</CdtDbtInd><Sts>BOOK</Sts><BookgDt><Dt>2025-04-10</Dt></BookgDt><ValDt><Dt>2025-04-10</Dt></ValDt><AcctSvcrRef>0410121231424943</AcctSvcrRef><BkTxCd><Domn><Cd>PMNT</Cd><Fmly><Cd>CCRD</Cd><SubFmlyCd>POSD</SubFmlyCd></Fmly></Domn><Prtry><Cd>N426</Cd><Issr>ABNAMRO</Issr></Prtry></BkTxCd><AddtlNtryInf>BEA, Apple Pay                  Lidl 347 Gorinchem,PAS254       NR:VVH5TG, 10.04.25/12:12       GORINCHEM</AddtlNtryInf></Ntry><Ntry><Amt Ccy="EUR">000000000000004.81</Amt><CdtDbtInd>DBIT</CdtDbtInd><Sts>BOOK</Sts><BookgDt><Dt>2025-04-10</Dt></BookgDt><ValDt><Dt>2025-04-10</Dt></ValDt><AcctSvcrRef>0410093155631785</AcctSvcrRef><BkTxCd><Domn><Cd>PMNT</Cd><Fmly><Cd>CCRD</Cd><SubFmlyCd>POSD</SubFmlyCd></Fmly></Domn><Prtry><Cd>N426</Cd><Issr>ABNAMRO</Issr></Prtry></BkTxCd><AddtlNtryInf>BEA, Apple Pay                  Lidl 347 Gorinchem,PAS254       NR:VVH5TG, 10.04.25/09:31       GORINCHEM</AddtlNtryInf></Ntry></Stmt></BkToCstmrStmt></Document>                                                                                                                                                                                                                                                                                                                                                                                                                                                                                                                                                                                                                                                                                                                                                                                                                                                                                                                                                                                                                                                                                                                                                                                                                                                                                                                                                                                                                                                                                                                                                                                                                                                                                                                                                                                                                                                                                                                                                                                                                                                                                                                                                                                                                                                                                                                                                                                                                                                                                                                                                                                                                                                                                                                                                                                                                                                                                                                                                                                                                                                                                                                                                                                                                                                                                                                                                                                                                                                                                                                                                                                                                                                                                                                                                                                                                                                                                                                                                                                                                                                                                                                                                                                                                                                                                                                                                                                                                                                                                                                                                                                                                                                                                                                                                                                                                                                                                                                                                                                                                                                                                                                                                                                                                                                                                                                                                                                                                                                                                                                                                                                                                                                                                                                                                                                                                                                                                                                                                                                                                                                                                                                                                                                                                                                                                                                                                                                                                                                                                                                                                                                                                                                                                                                                                                                                                                                                                                                                                                                                                                                                                                                                                                                                                                                                                                                                                                                                                                                                                                                                                                                                                                                                                                                                                                                                                                                                                                                                                                                                                                                                                                                                                                                                                                                                                                                                                                                                                                                                                                                                                                                                                                                                                                                                                                                                                                                                                                                                                                                                                                                                                                                                                                                                                                                                                                                                                                                                                                                                                                                                                                                                                                                                                                                                                                                                                                                                                                                                                                                                                                                                                                                                                                                                                                                                                                                                                                                                                                                                                                                                                                                                                                                                                                                                                                                                                                                                                                                                                                                                                                                                                                                                                                                                                                                                                                                                                                                                                                                                                                                                                                                                                                                                                                                                                                                                                                                                                                                                                                                                                                                                                                                                                                                                                                                                                                                                                                                                                                                                                                                                                                                                                                                                                                                                                                                                                                                                                                                                                                                                                                                                                                                                                                                                                                                                                                                                                                                                                                                                                                                                                                                                                                                                                                                                                                                                                                                                                                                                                                                                                                                                                                                                                                                                                                                                                                                                                                                                                                                                                                                                                                                                                                                                                                                                                                                                                                                                                                                                                                                                                                                                                                                                                                                                                                                                                                                                                                                                                                                                                                                                                                                                                                                                                                                                                                                                                                                                                                                                                                                                                                                                                                                                                                                                                                                                                                                                                                                                                                                                                                                                                                                                                                                                                                                                                                                                                                                                                                                                                                                                                                                                                                                                                                                                                                                                                                                                                                                                                                                                                                                                                                                                                                                                                                                                                                                                                                                                                                                                                                                                                                                                                                                                                                                                                                                                                                                                                                                                                                                                                                                                                                                                                                                                                                                                                                                                                                                                                                                                                                                                                                                                                                                                                                                                                                                                                                                                                                                                                                                                                                                                                                                                                                                                                                                                                                                                                                                                                                                                                                                                                                                                                                                                                                                                                                                                                                                                                                                                                                                                                                                                                                                                                                                                                                                                                                                                                                                                                                                                                                                                                                                                                                                                                                                                                                                                                                                                                                                                                                                                                                                                                                                                                                                                                                                                                                                                                                                                                                                                                                                                                                                                                                                                                                                                                                                                                                                                                                                                                                                                                                                                                                                                                                                                                                                                                                                                                                                                                                                                                                                                                                                                                                                                                                                                                                                                                                                                                                                                                                                                                                                                                                                                                                                                                                                                                                                                                                                                                                                                                                                                                                                                                                                                                                                                                                                                                                                                                                                                                                                                                                                                                                                                                                                                                                                                                                                                                                                                                                                                                                                                                                                                                                                                                                                                                                                                                                                                                                                                                                                                                                                                                                                                                                                                                                                                                                                                                                                                                                                                                                                                                                                                                                                                                                                                                                                                                                                                                                                                                                                                                                                                                                                                                                                                                                                                                                                                                                                                                                                                                                                                                                                                                                                                                                                                                                                                                                                                                                                                                                                                                                                                                                                                                                                                                                                                                                                                                                                                                                                                                                                                                                                                                                                                                                                                                                                                                                                                                                                                                                                                                                                                                                                                                                                                                                                                                                                                                                                                                                                                                                                                                                                                                                                                                                                                                                                                                                                                                                                                                                                                                                                                                                                                                                                                                                                                                                                                                                                                                                                                                                                                                                                                                                                                                                                                                                                                                                                                                                                                                                                                                                                                                                                                                                                                                                                                                                                                                                                                                                                                                                                                                                                                                                                                                                                                                                                                                                                                                                     