<?xml version="1.0" encoding="UTF-8"?><Document xmlns:xsi="http://www.w3.org/2001/XMLSchema-instance" xmlns="urn:iso:std:iso:20022:tech:xsd:camt.053.001.02"><BkToCstmrStmt><GrpHdr><MsgId>0462190935.2025-11-19</MsgId><CreDtTm>2026-05-05T14:59:40.73+02:00</CreDtTm><MsgPgntn><PgNb>1</PgNb><LastPgInd>true</LastPgInd></MsgPgntn></GrpHdr><Stmt><Id>0462190935.2025-11-19</Id><ElctrncSeqNb>000000000000000084</ElctrncSeqNb><CreDtTm>2026-05-05T14:59:40.73+02:00</CreDtTm><Acct><Id><IBAN>NL85ABNA0462190935</IBAN></Id><Ccy>EUR</Ccy><Svcr><FinInstnId><BIC>ABNANL2A</BIC></FinInstnId></Svcr></Acct><Bal><Tp><CdOrPrtry><Cd>PRCD</Cd></CdOrPrtry></Tp><Amt Ccy="EUR">000000000001149.52</Amt><CdtDbtInd>CRDT</CdtDbtInd><Dt><Dt>2025-11-18</Dt></Dt></Bal><Bal><Tp><CdOrPrtry><Cd>CLBD</Cd></CdOrPrtry></Tp><Amt Ccy="EUR">000000000001082.66</Amt><CdtDbtInd>CRDT</CdtDbtInd><Dt><Dt>2025-11-19</Dt></Dt></Bal><Ntry><Amt Ccy="EUR">000000000000002.00</Amt><CdtDbtInd>DBIT</CdtDbtInd><Sts>BOOK</Sts><BookgDt><Dt>2025-11-19</Dt></BookgDt><ValDt><Dt>2025-11-19</Dt></ValDt><AcctSvcrRef>1119200131361437</AcctSvcrRef><BkTxCd><Domn><Cd>PMNT</Cd><Fmly><Cd>CCRD</Cd><SubFmlyCd>POSD</SubFmlyCd></Fmly></Domn><Prtry><Cd>N426</Cd><Issr>ABNAMRO</Issr></Prtry></BkTxCd><AddtlNtryInf>BEA, Apple Pay                  BCK*Kiosk HT 4306,PAS254        NR:BS169118, 19.11.25/20:01     S-HERTOGENBOS</AddtlNtryInf></Ntry><Ntry><Amt Ccy="EUR">000000000000003.05</Amt><CdtDbtInd>DBIT</CdtDbtInd><Sts>BOOK</Sts><BookgDt><Dt>2025-11-19</Dt></BookgDt><ValDt><Dt>2025-11-19</Dt></ValDt><AcctSvcrRef>1119193941451078</AcctSvcrRef><BkTxCd><Domn><Cd>PMNT</Cd><Fmly><Cd>CCRD</Cd><SubFmlyCd>POSD</SubFmlyCd></Fmly></Domn><Prtry><Cd>N426</Cd><Issr>ABNAMRO</Issr></Prtry></BkTxCd><AddtlNtryInf>BEA, Apple Pay                  BCK*Kiosk TB 2704,PAS254        NR:BS170447, 19.11.25/19:39     TILBURG</AddtlNtryInf></Ntry><Ntry><Amt Ccy="EUR">000000000000009.26</Amt><CdtDbtInd>DBIT</CdtDbtInd><Sts>BOOK</Sts><BookgDt><Dt>2025-11-19</Dt></BookgDt><ValDt><Dt>2025-11-19</Dt></ValDt><AcctSvcrRef>1119193747243141</AcctSvcrRef><BkTxCd><Domn><Cd>PMNT</Cd><Fmly><Cd>CCRD</Cd><SubFmlyCd>POSD</SubFmlyCd></Fmly></Domn><Prtry><Cd>N426</Cd><Issr>ABNAMRO</Issr></Prtry></BkTxCd><AddtlNtryInf>BEA, Apple Pay                  NLOVQX58BBMB4VM54M,PAS254       NR:PT3115B7, 19.11.25/19:37     www.ovpay.nl</AddtlNtryInf></Ntry><Ntry><Amt Ccy="EUR">000000000000028.15</Amt><CdtDbtInd>DBIT</CdtDbtInd><Sts>BOOK</Sts><BookgDt><Dt>2025-11-19</Dt></BookgDt><ValDt><Dt>2025-11-19</Dt></ValDt><AcctSvcrRef>1119132300244905</AcctSvcrRef><BkTxCd><Domn><Cd>PMNT</Cd><Fmly><Cd>CCRD</Cd><SubFmlyCd>POSD</SubFmlyCd></Fmly></Domn><Prtry><Cd>N426</Cd><Issr>ABNAMRO</Issr></Prtry></BkTxCd><AddtlNtryInf>BEA, Apple Pay                  De Efteling B.V.,PAS254         NR:43335180, 19.11.25/13:23     Kaatsheuvel</AddtlNtryInf></Ntry><Ntry><Amt Ccy="EUR">000000000000020.50</Amt><CdtDbtInd>DBIT</CdtDbtInd><Sts>BOOK</Sts><BookgDt><Dt>2025-11-19</Dt></BookgDt><ValDt><Dt>2025-11-19</Dt></ValDt><AcctSvcrRef>1119103355132210</AcctSvcrRef><BkTxCd><Domn><Cd>PMNT</Cd><Fmly><Cd>CCRD</Cd><SubFmlyCd>POSD</SubFmlyCd></Fmly></Domn><Prtry><Cd>N426</Cd><Issr>ABNAMRO</Issr></Prtry></BkTxCd><AddtlNtryInf>BEA, Apple Pay                  NLOV6D5EVV747D6J4L,PAS254       NR:PT30FC69, 19.11.25/10:33     www.ovpay.nl</AddtlNtryInf></Ntry><Ntry><Amt Ccy="EUR">000000000000003.90</Amt><CdtDbtInd>DBIT</CdtDbtInd><Sts>BOOK</Sts><BookgDt><Dt>2025-11-19</Dt></BookgDt><ValDt><Dt>2025-11-19</Dt></ValDt><AcctSvcrRef>1119090917852131</AcctSvcrRef><BkTxCd><Domn><Cd>PMNT</Cd><Fmly><Cd>CCRD</Cd><SubFmlyCd>POSD</SubFmlyCd></Fmly></Domn><Prtry><Cd>N426</Cd><Issr>ABNAMRO</Issr></Prtry></BkTxCd><AddtlNtryInf>BEA, Apple Pay                  NLOV6D5EVV7GAKMJ4L,PAS254       NR:PT311E15, 19.11.25/09:09     www.ovpay.nl</AddtlNtryInf></Ntry></Stmt></BkToCstmrStmt></Document>                                                                                                                                                                                                                                                                                                                                                                                                                                                                                                                                                                                                                                                                                                                                                                                                                                                                                                                                                                                                                                                                                                                                                                                                                                                                                                                                                                                                                                                                                                                                                                                                                                                                                                                                                                                                                                                                                                                                                                                                                                                                                                                                                                                                                                                                                                                                                                                                                                                                                                                                                                                                                                                                                                                                                                                                                                                                                                                                                                                                                                                                                                                                                                                                                                                                                                                                                                                                                                                                                                                                                                                                                                                                                                                                                                                                                                                                                                                                                                                                                                                                                                                                                                                                                                                                                                                                                                                                                                                                                                                                                                                                                                                                                                                                                                                                                                                                                                                                                                                                                                                                                                                                                                                                                                                                                                                                                                                                                                                                                                                                                                                                                                                                                                                                                                                                                                                                                                                                                                                                                                                                                                                                                                                                                                                                                                                                                                                                                                                                                                                                                                                                                                                                                                                                                                                                                                                                                                                                                                                                                                                                                                                                                                                                                                                                                                                                                                                                                                                                                                                                                                                                                                                                                                                                                                                                                                                                                                                                                                                                                                                                                                                                                                                                                                                                                                                                                                                                                                                                                                                                                                                                                                                                                                                                                                                                                                                                                                                                                                                                                                                                                                                                                                                                                                                                                                                                                                                                                                                                                                                                                                                                                                                                                                                                                                                                                                                                                                                                                                                                                                                                                                                                                                                                                                                                                                                                                                                                                                                                                                                                                                                                                                                                                                                                                                                                                                                                                                                                                                                                                                                                                                                                                                                                                                                                                                                                                                                                                                                                                                                                                                                                                                                                                                                                                                                                                                                                                                                                                                                                                                                                                                                                                                                                                                                                                                                                                                                                                                                                                                                                                                                                                                                                                                                                                                                                                                                                                                                                                                                                                                                                                                                                                                                                                                                                                                                                                                                                                                                                                                                                                                                                                                                                                                                                                                                                                                                                                                                                                                                                                                                                                                                                                                                                                                                                                                                                                                                                                                                                                                                                                                                                                                                                                                                                                                                                                                                                                                                                                                                                                                                                                                                                                                                                                                                                                                                                                                                                                                                                                                                                                                                                                                                                                                                                                                                                                                                                                                                                                                                                                                                                                                                                                                                                                                                                                                                                                                                                                                                                                                                                                                                                                                                                                                                                                                                                                                                                                                                                                                                                                                                                                                                                                                                                                                                                                                                                                                                                                                                                                                                                                                                                                                                                                                                                                                                                                                                                                                                                                                                                                                                                                                                                                                                                                                                                                                                                                                                                                                                                                                                                                                                                                                                                                                                                                                                                                                                                                                                                                                                                                                                                                                                                                                                                                                                                                                                                                                                                                                                                                                                                                                                                                                                                                                                                                                                                                                                                                                                                                                                                                                                                                                                                                                                                                                                                                                                                                                                                                                                                                                                                                                                                                                                                                                                                                                                                                                                                                                                                                                                                                                                                                                                                                                                                                                                                                                                                                                                                                                                                                                                                                                                                                                                                                                                                                                                                                                                                                                                                                                                                                                                                                                                                                                                                                                                                                                                                                                                                                                                                                                                                                                                                                                                                                                                                                                                                                                                                                                                                                                                                                                                                                                                                                                                                                                                                                                                                                                                                                                                                                                                                                                                                                                                                                                                                                                                                                                                                                                                                                                                                                                                                                                                                                                                                                                                                                                                                                                                                                                                                                                                                                                                                                                                                                                                                                                                                                                                                                                                                                                                                                                                                                                                                                                                                                                                                                                                                                                                                                                                                                                                                                                                                                                                                                                                                                                                                                                                                                                                                                                                                                                                                                                                                                                                                                                                                                                                                                                                                                                                                                                                                                                                                                                                                                                                                                                                                                                                                                                                                                                                                                                                                                                                                                                                                                                                                                                                                                                                                                                                                                                                                                                                                                                                                                                                                                                                                                                                                                                                                                                                                                                                                                                                                                                                                                                                                                                                                                                                                                                                                                                                                                                                                                                                                                                                                                                                                                                                                                                                                                                                                                                                                                                                                                                                                                                                                                                                                                                                                                                                                                                                                                                                                                                                                                                                                                                                                                                   