<?xml version="1.0" encoding="UTF-8"?><Document xmlns:xsi="http://www.w3.org/2001/XMLSchema-instance" xmlns="urn:iso:std:iso:20022:tech:xsd:camt.053.001.02"><BkToCstmrStmt><GrpHdr><MsgId>0462190935.2025-10-15</MsgId><CreDtTm>2026-05-05T14:59:40.77+02:00</CreDtTm><MsgPgntn><PgNb>1</PgNb><LastPgInd>true</LastPgInd></MsgPgntn></GrpHdr><Stmt><Id>0462190935.2025-10-15</Id><ElctrncSeqNb>000000000000000084</ElctrncSeqNb><CreDtTm>2026-05-05T14:59:40.77+02:00</CreDtTm><Acct><Id><IBAN>NL85ABNA0462190935</IBAN></Id><Ccy>EUR</Ccy><Svcr><FinInstnId><BIC>ABNANL2A</BIC></FinInstnId></Svcr></Acct><Bal><Tp><CdOrPrtry><Cd>PRCD</Cd></CdOrPrtry></Tp><Amt Ccy="EUR">000000000000480.74</Amt><CdtDbtInd>CRDT</CdtDbtInd><Dt><Dt>2025-10-14</Dt></Dt></Bal><Bal><Tp><CdOrPrtry><Cd>CLBD</Cd></CdOrPrtry></Tp><Amt Ccy="EUR">000000000000453.03</Amt><CdtDbtInd>CRDT</CdtDbtInd><Dt><Dt>2025-10-15</Dt></Dt></Bal><Ntry><Amt Ccy="EUR">000000000000027.71</Amt><CdtDbtInd>DBIT</CdtDbtInd><Sts>BOOK</Sts><BookgDt><Dt>2025-10-15</Dt></BookgDt><ValDt><Dt>2025-10-15</Dt></ValDt><AcctSvcrRef>5287K4316843103S0AD</AcctSvcrRef><BkTxCd><Domn><Cd>PMNT</Cd><Fmly><Cd>RDDT</Cd><SubFmlyCd>ESDD</SubFmlyCd></Fmly></Domn><Prtry><Cd>N247</Cd><Issr>ABNAMRO</Issr></Prtry></BkTxCd><NtryDtls><TxDtls><Refs><MsgId>NCOR2510140904280000000000000000002</MsgId><AcctSvcrRef>5287K4316843103S0AD</AcctSvcrRef><EndToEndId>805U001005928107</EndToEndId><MndtId>105677763U</MndtId></Refs><AmtDtls><TxAmt><Amt Ccy="EUR">000000000000027.71</Amt></TxAmt></AmtDtls><RltdPties><Cdtr><Nm>ZIGGO SERVICES BV</Nm><PstlAdr><Ctry>NL</Ctry></PstlAdr></Cdtr><CdtrAcct><Id><IBAN>NL98INGB0000845745</IBAN></Id></CdtrAcct></RltdPties><RltdAgts><DbtrAgt><FinInstnId><BIC>ABNANL2A</BIC></FinInstnId></DbtrAgt><CdtrAgt><FinInstnId><BIC>INGBNL2A</BIC></FinInstnId></CdtrAgt></RltdAgts><RmtInf><Ustrd>Klant Nr 519563093/405580432 Oktober Factuur Nr 320118750362 zie ziggo.nl/mijnziggo</Ustrd></RmtInf></TxDtls></NtryDtls><AddtlNtryInf>/TRTP/SEPA Incasso algemeen doorlopend/CSID/NL30ZZZ333034790000  /NAME/ZIGGO SERVICES BV/MARF/105677763U/REMI/Klant Nr 519563093/405580432 Oktober Factuur Nr 320118750362 zie ziggo.nl/mijnziggo  /IBAN/NL98INGB0000845745/BIC/INGBNL2A/EREF/805U001005928107</AddtlNtryInf></Ntry></Stmt></BkToCstmrStmt></Document>                                                                                                                                                                                                                                                                                                                                                                                                                                                                                                                                                                                                                                                                                                                                                                                                                                                                                                                                                                                                                                                                                                                                                                                                                                                                                                                                                                                                                                                                                                                                                                                                                                                                                                                                                                                                                                                                                                                                                                                                                                                                                                                                                                                                                                                                                                                                                                                                                                                                                                                                                                                                                                                                                                                                                                                                                                                                                                                                                                                                                                                                                                                                                                                                                                                                                                                                                                                                                                                                                                                                                                                                                                                                                                                                                                                                                                                                                                                                                                                                                                                                                                                                                                                                                                                                                                                                                                                                                                                                                                                                                                                                                                                                                                                                                                                                                                                                                                                                                                                                                                                                                                                                                                                                                                                                                                                                                                                                                                                                                                                                                                                                                                                                                                                                                                                                                                                                                                                                                                                                                                                                                                                                                                                                                                                                                                                                                                                                                                                                                                                                                                                                                                                                                                                                                                                                                                                                                                                                                                                                                                                                                                                                                                                                                                                                                                                                                                                                                                                                                                                                                                                                                                                                                                                                                                                                                                                                                                                                                                                                                                                                                                                                                                                                                                                                                                                                                                                                                                                                                                                                                                                                                                                                                                                                                                                                                                                                                                                                                                                                                                                                                                                                                                                                                                                                                                                                                                                                                                                                                                                                                                                                                                                                                                                                                                                                                                                                                                                                                                                                                                                                                                                                                                                                                                                                                                                                                                                                                                                                                                                                                                                                                                                                                                                                                                                                                                                                                                                                                                                                                                                                                                                                                                                                                                                                                                                                                                                                                                                                                                                                                                                                                                                                                                                                                                                                                                                                                                                                                                                                                                                                                                                                                                                                                                                                                                                                                                                                                                                                                                                                                                                                                                                                                                                                                                                                                                                                                                                                                                                                                                                                                                                                                                                                                                                                                                                                                                                                                                                                                                                                                                                                                                                                                                                                                                                                                                                                                                                                                                                                                                                                                                                                                                                                                                                                                                                                                                                                                                                                                                                                                                                                                                                                                                                                                                                                                                                                                                                                                                                                                                                                                                                                                                                                                                                                                                                                                                                                                                                                                                                                                                                                                                                                                                                                                                                                                                                                                                                                                                                                                                                                                                                                                                                                                                                                                                                                                                                                                                                                                                                                                                                                                                                                                                                                                                                                                                                                                                                                                                                                                                                                                                                                                                                                                                                                                                                                                                                                                                                                                                                                                                                                                                                                                                                                                                                                                                                                                                                                                                                                                                                                                                                                                                                                                                                                                                                                                                                                                                                                                                                                                                                                                                                                                                                                                                                                                                                                                                                                                                                                                                                                                                                                                                                                                                                                                                                                                                                                                                                                                                                                                                                                                                                                                                                                                                                                                                                                                                                                                                                                                                                                                                                                                                                                                                                                                                                                                                                                                                                                                                                                                                                                                                                                                                                                                                                                                                                                                                                                                                                                                                                                                                                                                                                                                                                                                                                                                                                                                                                                                                                                                                                                                                                                                                                                                                                                                                                                                                                                                                                                                                                                                                                                                                                                                                                                                                                                                                                                                                                                                                                                                                                                                                                                                                                                                                                                                                                                                                                                                                                                                                                                                                                                                                                                                                                                                                                                                                                                                                                                                                                                                                                                                                                                                                                                                                                                                                                                                                                                                                                                                                                                                                                                                                                                                                                                                                                                                                                                                                                                                                                                                                                                                                                                                                                                                                                                                                                                                                                                                                                                                                                                                                                                                                                                                                                                                                                                                                                                                                                                                                                                                                                                                                                                                                                                                                                                                                                                                                                                                                                                                                                                                                                                                                                                                                                                                                                                                                                                                                                                                                                                                                                                                                                                                                                                                                                                                                                                                                                                                                                                                                                                                                                                                                                                                                                                                                                                                                                                                                                                                                                                                                                                                                                                                                                                                                                                                                                                                                                                                                                                                                                                                                                                                                                                                                                                                                                                                                                                                                                                                                                                                                                                                                                                                                                                                                                                                                                                                                                                                                                                                                                                                                                                                                                                                                                                                                                                                                                                                                                                                                                                                                                                                                                                                                                                                                                                                                                                                                                                                                                                                                                                                                                                                                                                                                                                                                                                                                                                                                                                                                                                                                                                                                                                                                                                                                                                                                                                                                                                                                                                                                                                                                                                                                                                                                                                                                                                                                                                                                                                                        