<?xml version="1.0" encoding="UTF-8"?><Document xmlns:xsi="http://www.w3.org/2001/XMLSchema-instance" xmlns="urn:iso:std:iso:20022:tech:xsd:camt.053.001.02"><BkToCstmrStmt><GrpHdr><MsgId>0462190935.2025-07-23</MsgId><CreDtTm>2026-05-05T14:59:40.87+02:00</CreDtTm><MsgPgntn><PgNb>1</PgNb><LastPgInd>true</LastPgInd></MsgPgntn></GrpHdr><Stmt><Id>0462190935.2025-07-23</Id><ElctrncSeqNb>000000000000000084</ElctrncSeqNb><CreDtTm>2026-05-05T14:59:40.87+02:00</CreDtTm><Acct><Id><IBAN>NL85ABNA0462190935</IBAN></Id><Ccy>EUR</Ccy><Svcr><FinInstnId><BIC>ABNANL2A</BIC></FinInstnId></Svcr></Acct><Bal><Tp><CdOrPrtry><Cd>PRCD</Cd></CdOrPrtry></Tp><Amt Ccy="EUR">000000000002491.97</Amt><CdtDbtInd>CRDT</CdtDbtInd><Dt><Dt>2025-07-22</Dt></Dt></Bal><Bal><Tp><CdOrPrtry><Cd>CLBD</Cd></CdOrPrtry></Tp><Amt Ccy="EUR">000000000002502.43</Amt><CdtDbtInd>CRDT</CdtDbtInd><Dt><Dt>2025-07-23</Dt></Dt></Bal><Ntry><Amt Ccy="EUR">000000000000036.67</Amt><CdtDbtInd>CRDT</CdtDbtInd><Sts>BOOK</Sts><BookgDt><Dt>2025-07-23</Dt></BookgDt><ValDt><Dt>2025-07-23</Dt></ValDt><AcctSvcrRef>5204U3121198117S0TK</AcctSvcrRef><BkTxCd><Domn><Cd>PMNT</Cd><Fmly><Cd>RCDT</Cd><SubFmlyCd>ESCT</SubFmlyCd></Fmly></Domn><Prtry><Cd>N658</Cd><Issr>ABNAMRO</Issr></Prtry></BkTxCd><NtryDtls><TxDtls><Refs><AcctSvcrRef>5204U3121198117S0TK</AcctSvcrRef><EndToEndId>1063988398</EndToEndId></Refs><AmtDtls><TxAmt><Amt Ccy="EUR">000000000000036.67</Amt></TxAmt></AmtDtls><RltdPties><Dbtr><Nm>AAB INZ TIKKIE</Nm></Dbtr><DbtrAcct><Id><IBAN>NL13ABNA0506417344</IBAN></Id></DbtrAcct></RltdPties><RltdAgts><DbtrAgt><FinInstnId><BIC>ABNANL2A</BIC></FinInstnId></DbtrAgt><CdtrAgt><FinInstnId><BIC>ABNANL2A</BIC></FinInstnId></CdtrAgt></RltdAgts><RmtInf><Ustrd>Tikkie ID 001063988398, Lp buckingam nicks, Van HMM VAN DER KUIJL, NL52ABNA0507120183</Ustrd></RmtInf></TxDtls></NtryDtls><AddtlNtryInf>/TRTP/SEPA OVERBOEKING/IBAN/NL85ABNA0462190935/BIC/ABNANL2A/NAME/Van der Kuijl/REMI/Tikkie ID 001063988398, Lp buckingam nicks, Van HMM VAN DER KUIJL, NL52ABNA0507120183/EREF/1063988398</AddtlNtryInf></Ntry><Ntry><Amt Ccy="EUR">000000000000004.78</Amt><CdtDbtInd>DBIT</CdtDbtInd><Sts>BOOK</Sts><BookgDt><Dt>2025-07-23</Dt></BookgDt><ValDt><Dt>2025-07-23</Dt></ValDt><AcctSvcrRef>0723170639256835</AcctSvcrRef><BkTxCd><Domn><Cd>PMNT</Cd><Fmly><Cd>CCRD</Cd><SubFmlyCd>POSD</SubFmlyCd></Fmly></Domn><Prtry><Cd>N426</Cd><Issr>ABNAMRO</Issr></Prtry></BkTxCd><AddtlNtryInf>BEA, Apple Pay                  Lidl 722 Schoonhoven,PAS254     NR:2GQ0RF, 23.07.25/17:06       SCHOONHOVEN</AddtlNtryInf></Ntry><Ntry><Amt Ccy="EUR">000000000000002.53</Amt><CdtDbtInd>DBIT</CdtDbtInd><Sts>BOOK</Sts><BookgDt><Dt>2025-07-23</Dt></BookgDt><ValDt><Dt>2025-07-23</Dt></ValDt><AcctSvcrRef>0723141517333421</AcctSvcrRef><BkTxCd><Domn><Cd>PMNT</Cd><Fmly><Cd>CCRD</Cd><SubFmlyCd>POSD</SubFmlyCd></Fmly></Domn><Prtry><Cd>N426</Cd><Issr>ABNAMRO</Issr></Prtry></BkTxCd><AddtlNtryInf>BEA, Apple Pay                  Lidl 722 Schoonhoven,PAS254     NR:2GQ0RF, 23.07.25/14:15       SCHOONHOVEN</AddtlNtryInf></Ntry><Ntry><Amt Ccy="EUR">000000000000005.26</Amt><CdtDbtInd>DBIT</CdtDbtInd><Sts>BOOK</Sts><BookgDt><Dt>2025-07-23</Dt></BookgDt><ValDt><Dt>2025-07-23</Dt></ValDt><AcctSvcrRef>0723110335448361</AcctSvcrRef><BkTxCd><Domn><Cd>PMNT</Cd><Fmly><Cd>CCRD</Cd><SubFmlyCd>POSD</SubFmlyCd></Fmly></Domn><Prtry><Cd>N426</Cd><Issr>ABNAMRO</Issr></Prtry></BkTxCd><AddtlNtryInf>BEA, Apple Pay                  Lidl 722 Schoonhoven,PAS254     NR:6X36Z3, 23.07.25/11:03       SCHOONHOVEN</AddtlNtryInf></Ntry><Ntry><Amt Ccy="EUR">000000000000013.64</Amt><CdtDbtInd>DBIT</CdtDbtInd><Sts>BOOK</Sts><BookgDt><Dt>2025-07-23</Dt></BookgDt><ValDt><Dt>2025-07-23</Dt></ValDt><AcctSvcrRef>GT025044438541390AE</AcctSvcrRef><BkTxCd><Domn><Cd>PMNT</Cd><Fmly><Cd>RDDT</Cd><SubFmlyCd>ESDD</SubFmlyCd></Fmly></Domn><Prtry><Cd>N247</Cd><Issr>ABNAMRO</Issr></Prtry></BkTxCd><NtryDtls><TxDtls><Refs><AcctSvcrRef>GT025044438541390AE</AcctSvcrRef><EndToEndId>0700000124232928</EndToEndId><MndtId>85935-13740107</MndtId></Refs><AmtDtls><TxAmt><Amt Ccy="EUR">000000000000013.64</Amt></TxAmt></AmtDtls><RltdPties><Cdtr><Nm>UNIVÉ HET GROENE HART</Nm><Id><PrvtId><Othr><Id>NL52ZZZ273774140000</Id><SchmeNm><Prtry>SEPA</Prtry></SchmeNm></Othr></PrvtId></Id></Cdtr><CdtrAcct><Id><IBAN>NL71ABNA0603442684</IBAN></Id></CdtrAcct></RltdPties><RltdAgts><DbtrAgt><FinInstnId><BIC>ABNANL2A</BIC></FinInstnId></DbtrAgt><CdtrAgt><FinInstnId><BIC>ABNANL2A</BIC></FinInstnId></CdtrAgt></RltdAgts><RmtInf><Ustrd>Unive Premie 21-07-2025 / 20-08-2025 Nota 124232928 UKIN0700000124232928 U6672283 Op mijnunive.nl vindt u meer informatie.</Ustrd></RmtInf></TxDtls></NtryDtls><AddtlNtryInf>/TRTP/SEPA Incasso algemeen doorlopend/CSID/NL52ZZZ273774140000  /NAME/UNIVÉ HET GROENE HART/MARF/85935-13740107/REMI/Unive Premie 21-07-2025 / 20-08-2025 Nota 124232928 UKIN0700000124232928 U6672283 Op mijnunive.nl vindt u meer informatie./IBAN/NL71ABNA0603442684/BIC/ABNANL2A/EREF/0700000124232928</AddtlNtryInf></Ntry></Stmt></BkToCstmrStmt></Document>                                                                                                                                                                                                                                                                                                                                                                                                                                                                                                                                                                                                                                                                                                                                                                                                                                                                                                                                                                                                                                                                                                                                                                                                                                                                                                                                                                                                                                                                                                                                                                                                                                                                                                                                                                                                                                                                                                                                                                                                                                                                                                                                                                                                                                                                                                                                                                                                                                                                                                                                                                                                                                                                                                                                                                                                                                                                                                                                                                                                                                                                                                                                                                                                                                                                                                                                                                                                                                                                                                                                                                                                                                                                                                                                                                                                                                                                                                                                                                                                                                                                                                                                                                                                                                                                                                                                                                                                                                                                                                                                                                                                                                                                                                                                                                                                                                                                                                                                                                                                                                                                                                                                                                                                                                                                                                                                                                                                                                                                                                                                                                                                                                                                                                                                                                                                                                                                                                                                                                                                                                                                                                                                                                                                                                                                                                                                                                                                                                                                                                                                                                                                                                                                                                                                                                                                                                                                                                                                                                                                                                                                                                                                                                                                                                                                                                                                                                                                                                                                                                                                                                                                                                                                                                                                                                                                                                                                                                                                                                                                                                                                                                                                                                                                                                                                                                                                                                                                                                                                                                                                                                                                                                                                                                                                                                                                                                                                                                                                                                                                                                                                                                                                                                                                                                                                                                                                                                                                                                                                                                                                                                                                                                                                                                                                                                                                                                                                                                                                                                                                                                                                                                                                                                                                                                                                                                                                                                                                                                                                                                                                                                                                                                                                                                                                                                                                                                                                                                                                                                                                                                                                                                                                                                                                                                                                                                                                                                                                                                                                                                                                                                                                                                                                                                                                                                                                                                                                                                                                                                                                                                                                                                                                                                                                                                                                                                                                                                                                                                                                                                                                                                                                                                                                                                                                                                                                                                                                                                                                                                                                                                                                                                                                                                                                                                                                                                                                                                                                                                                                                                                                                                                                                                                                                                                                                                                                                                                                                                                                                                                                                                                                                                                                                                                                                                                                                                                                                                                                                                                                                                                                                                                                                                                                                                                                                                                                                                                                                                                                                                                                                                                                                                                                                                                                                                                                                                                                                                                                                                                                                                                                                                                                                                                                                                                                                                                                                                                                                                                                                                                                                                                                                                                                                                                                                                                                                                                                                                                                                                                                                                                                                                                                                                                                                                                                                                                                                                                                                                                                                                                                                                                                                                                                                                                                                                                                                                                                                                                                                                                                                                                                                                                                                                                                                                                                                                                                                                                                                                                                                                                                                                                                                                                                                                                                                                                                                                                                                                                                                                                                                                                                                                                                                                                                                                                                                                                                                                                                                                                                                                                                                                                                                                                                                                                                                                                                                                                                                                                                                                                                                                                                                                                                                                                                                                                                                                                                                                                                                                                                                                                                                                                                                                                                                                                                                                                                                                                                                                                                                                                                                                                                                                                                                                                                                                                                                                                                                                                                                                                                                                                                                                                                                                                                                                                                                                                                                                                                                                                                                                                                                                                                                                                                                                                                                                                                                                                                                                                                                                                                                                                                                                                                                                                                                                                                                                                                                                                                                                                                                                                                                                                                                                                                                                                                                                                                                                                                                                                                                                                                                                                                                                                                                                                                                                                                                                                                                                                                                                                                                                                                                                                                                                                                                                                                                                                                                                                                                                                                                                                                                                                                                                                                                                                                                                                                                                                                                                                                                                                                                                                                                                                                                                                                                                                                                                                                                                                                                                                                                                                                                                                                                                                                                                                                                                                                                                                                                                                                                                                                                                                                                                                                                                                                                                                                                                                                                                                                                                                                                                                                                                                                                                                                                                                                                                                                                                                                                                                                                                                                                                                                                                                                                                                                                                                                                                                                                                                                                                                                                                                                                                                                                                                                                                                                                                                                                                                                                                                                                                                                                                                                                                                                                                                                                                                                                                                                                                                                                                                                                                                                                                                                                                                                                                                                                                                                                                                                                                                                                                                                                                                                                                                                                                                                                                     